@Book{bw1,
  title = {The Burrows-Wheeler Transform: Data Compression, Suffix Arrays, and Pattern Matching},
  author = {Donald Adjeroh, Tim Bell, Amar Mukherjee},
  publisher = {Springer},
  year = {2008},
}
